<record><leader>00000cas a22000007a 4500</leader><controlfield tag="001">17154465</controlfield><controlfield tag="008">871201d188u1905inudn ne      0    0eng d</controlfield><datafield ind1=" " ind2=" " tag="010"><subfield code="a">sn 87056843 </subfield></datafield><datafield ind1=" " ind2=" " tag="040"><subfield code="a">NPI</subfield><subfield code="b">eng</subfield><subfield code="c">NPI</subfield><subfield code="d">OCLCQ</subfield></datafield><datafield ind1=" " ind2=" " tag="042"><subfield code="a">msc</subfield></datafield><datafield ind1="0" ind2="4" tag="245"><subfield code="a">The Muncie daily herald.</subfield></datafield><datafield ind1=" " ind2=" " tag="260"><subfield code="a">Muncie, Ind. :</subfield><subfield code="b">Herald Print. Co.,</subfield><subfield code="c">-1905.</subfield></datafield><datafield ind1=" " ind2=" " tag="310"><subfield code="a">Daily (except Sun.)</subfield></datafield><datafield ind1="0" ind2=" " tag="362"><subfield code="a">-19th year, no. 325 (Mar. 25, 1905).</subfield></datafield><datafield ind1=" " ind2=" " tag="580"><subfield code="a">Also published in a weekly ed. called: Muncie weekly herald.</subfield></datafield><datafield ind1=" " ind2=" " tag="588"><subfield code="a">Description based on: Vol. 8, no. 2 (Mar. 17, 1890).</subfield></datafield><datafield ind1=" " ind2=" " tag="752"><subfield code="a">United States</subfield><subfield code="b">Indiana</subfield><subfield code="c">Delaware</subfield><subfield code="d">Muncie.</subfield></datafield><datafield ind1="1" ind2=" " tag="775"><subfield code="t">Muncie weekly herald</subfield><subfield code="w">(DLC)sn 86058720</subfield></datafield><datafield ind1="0" ind2="7" tag="785"><subfield code="t">Evening times (Muncie, Ind.)</subfield><subfield code="w">(DLC)sn 87056657</subfield></datafield><datafield ind1="0" ind2="7" tag="785"><subfield code="t">Muncie evening press</subfield><subfield code="w">(DLC)sn 84045477</subfield></datafield></record>